
@article{abarbanel2020,
	title = {Gambling engagement mechanisms in twitch live streaming},
	author = {Abarbanel, B. and Johnson, M. R.},
	year = {2020},
	date = {2020},
	journal = {International Gambling Studies},
	pages = {393--413},
	volume = {20},
	number = {3},
	url = {<Go to ISI>://WOS:000535074200001https://www.tandfonline.com/doi/full/10.1080/14459795.2020.1766097},
	note = {Type: Journal Article}
}
