
@article{zeng2022,
	title = {The Impact of Undergraduates{\textquoteright} Social Isolation on Smartphone Addiction: The Roles of Academic Anxiety and Social Media Use},
	author = {Zeng, Youlai and Zhang, Jiahui and Wei, Jiaxin and Li, Shunyu},
	year = {2022},
	month = {11},
	date = {2022-11-29},
	journal = {International Journal of Environmental Research and Public Health},
	pages = {15903},
	volume = {19},
	number = {23},
	doi = {10.3390/ijerph192315903},
	url = {https://www.mdpi.com/1660-4601/19/23/15903},
	langid = {en}
}

@inbook{paulus2011,
	title = {Teams},
	author = {Paulus, P.B. and Kohn, N. and Dzindolet, M.},
	year = {2011},
	date = {2011},
	publisher = {Elsevier},
	pages = {446--452},
	url = {https://linkinghub.elsevier.com/retrieve/pii/B978012375038900217X},
	note = {DOI: 10.1016/B978-0-12-375038-9.00217-X},
	langid = {en}
}

@inbook{izuma2017,
	title = {The Neural Bases of Social Influence on Valuation and Behavior},
	author = {Izuma, K.},
	year = {2017},
	date = {2017},
	publisher = {Elsevier},
	pages = {199--209},
	url = {https://linkinghub.elsevier.com/retrieve/pii/B9780128053089000166},
	note = {DOI: 10.1016/B978-0-12-805308-9.00016-6},
	langid = {en}
}
