
@article{eliason2022,
	title = {Association of Affordable Care Act Medicaid Expansions with Births Among Low-Income Women of Reproductive Age},
	author = {Eliason, Erica L. and Daw, Jamie R. and Allen, Heidi L.},
	year = {2022},
	month = {07},
	date = {2022-07},
	journal = {Journal of Women's Health},
	pages = {949--956},
	volume = {31},
	number = {7},
	doi = {10.1089/jwh.2021.0451},
	url = {https://www.liebertpub.com/doi/10.1089/jwh.2021.0451},
	note = {3 citations (Crossref/DOI) [2024-10-29]
Publisher: Mary Ann Liebert, Inc., publishers}
}

@article{maclean2019,
	title = {The effect of public insurance expansions on substance use disorder treatment: Evidence from the Affordable Care Act},
	author = {Maclean, Johanna Catherine and Saloner, Brendan},
	year = {2019},
	date = {2019},
	journal = {Journal of policy analysis and management : [the journal of the Association for Public Policy Analysis and Management]},
	pages = {366},
	volume = {38},
	number = {2},
	url = {https://pmc.ncbi.nlm.nih.gov/articles/PMC7071834/},
	note = {PMID: 30882195},
	langid = {en}
}

@misc{womenin2024,
	title = {Women in states with bans are getting abortions at similar rates as under Roe, report says},
	year = {2024},
	month = {10},
	date = {2024-10-22},
	url = {https://apnews.com/article/abortion-numbers-telehealth-wecount-pills-bans-663be20ac1a40345ec5c8fe23ab43a60},
	note = {Section: U.S. News},
	langid = {en}
}

@misc{mulvihill2024,
	title = {Women in states with bans are getting abortions at similar rates as under Roe, report says},
	author = {Mulvihill, Geoff},
	year = {2024},
	month = {10},
	date = {2024-10-22},
	url = {https://apnews.com/article/abortion-numbers-telehealth-wecount-pills-bans-663be20ac1a40345ec5c8fe23ab43a60},
	note = {Section: U.S. News},
	langid = {en}
}

@article{maclean2019a,
	title = {The effect of public insurance expansions on substance use disorder treatment: Evidence from the Affordable Care Act},
	author = {Maclean, Johanna Catherine and Saloner, Brendan},
	year = {2019},
	date = {2019},
	journal = {Journal of policy analysis and management},
	pages = {366},
	volume = {38},
	number = {2},
	url = {https://pmc.ncbi.nlm.nih.gov/articles/PMC7071834/},
	note = {PMID: 30882195},
	langid = {en}
}

@misc{jones2024,
	title = {Medication Abortion Accounted for 63% of All US Abortions in 2023{\textemdash}An Increase from 53% in 2020 | Guttmacher Institute},
	author = {Jones, Rachel and Friedrich-Karnik, Amy},
	year = {2024},
	month = {03},
	date = {2024-03-12},
	url = {https://www.guttmacher.org/2024/03/medication-abortion-accounted-63-all-us-abortions-2023-increase-53-2020},
	langid = {en}
}

@misc{jones2024a,
	title = {Medication Abortion Accounted for 63% of All US Abortions in 2023{\textemdash}An Increase from 53% in 2020 | Guttmacher Institute},
	author = {Jones, Rachel and Friedrich-Karnik, Amy},
	year = {2024},
	month = {03},
	date = {2024-03-12},
	url = {https://www.guttmacher.org/2024/03/medication-abortion-accounted-63-all-us-abortions-2023-increase-53-2020},
	langid = {en}
}

@article{wang2022,
	title = {The Effect of Medicaid Expansion on Wait Time in the Emergency Department},
	author = {Wang, Guihua},
	year = {2022},
	month = {09},
	date = {2022-09},
	journal = {Management Science},
	pages = {6648--6665},
	volume = {68},
	number = {9},
	doi = {10.1287/mnsc.2021.4239},
	url = {https://pubsonline.informs.org/doi/10.1287/mnsc.2021.4239},
	note = {10 citations (Crossref/DOI) [2024-09-07]
GSCC: 0000014},
	langid = {en}
}

@article{dembosky2020,
	title = {Organ Transplants Down As Stay-At-Home Rules Reduce Fatal Traffic Collisions},
	author = {Dembosky, April},
	year = {2020},
	month = {05},
	date = {2020-05-20},
	journal = {NPR},
	url = {https://www.npr.org/sections/health-shots/2020/05/20/858712314/organ-transplants-down-as-stay-at-home-rules-reduce-fatal-traffic-collisions},
	langid = {en}
}

@article{ebrahimshaik2022,
	title = {An overview of the impact of COVID-19 on road traffic safety and travel behavior},
	author = {Ebrahim Shaik, Md. and Ahmed, Samsuddin},
	year = {2022},
	month = {09},
	date = {2022-09},
	journal = {Transportation Engineering},
	pages = {100119},
	volume = {9},
	doi = {10.1016/j.treng.2022.100119},
	url = {https://linkinghub.elsevier.com/retrieve/pii/S2666691X22000173},
	note = {25 citations (Crossref/DOI) [2024-11-07]},
	langid = {en}
}
