
@article{nutt2008,
	title = {Sleep disorders as core symptoms of depression},
	author = {Nutt, David and Wilson, Sue and Paterson, Louise},
	year = {2008},
	month = {09},
	date = {2008-09-30},
	journal = {Dialogues in Clinical Neuroscience},
	pages = {329--336},
	volume = {10},
	number = {3},
	doi = {10.31887/DCNS.2008.10.3/dnutt},
	url = {https://www.tandfonline.com/doi/full/10.31887/DCNS.2008.10.3/dnutt},
	langid = {en}
}
