
@article{haans2016,
	title = {Thinking about U: Theorizing and testing U- and inverted U-shaped relationships in strategy research},
	author = {Haans, Richard F. J. and Pieters, Constant and He, Zi-Lin},
	year = {2016},
	date = {2016},
	journal = {Strategic Management Journal},
	pages = {1177--1195},
	volume = {37},
	number = {7},
	doi = {10.1002/smj.2399},
	url = {https://onlinelibrary.wiley.com/doi/abs/10.1002/smj.2399},
	note = {{\_}eprint: https://onlinelibrary.wiley.com/doi/pdf/10.1002/smj.2399},
	langid = {en}
}

@article{hülsheger2014,
	title = {The power of presence: The role of mindfulness at work for daily levels and change trajectories of psychological detachment and sleep quality.},
	author = {{Hülsheger}, Ute R. and Lang, Jonas W. B. and Depenbrock, Franziska and Fehrmann, Carmen and Zijlstra, Fred R. H. and Alberts, Hugo J. E. M.},
	year = {2014},
	date = {2014},
	journal = {Journal of Applied Psychology},
	pages = {1113--1128},
	volume = {99},
	number = {6},
	doi = {10.1037/a0037702},
	url = {https://doi.apa.org/doi/10.1037/a0037702},
	note = {中科院分区升级版: 心理学1区
影响因子: 9.4
5年影响因子: 11.2
南农高质量: A},
	langid = {en}
}

@article{marciano2022,
	title = {Duration, frequency, and time distortion: Which is the best predictor of problematic smartphone use in adolescents? A trace data study},
	author = {Marciano, Laura and Camerini, Anne-Linda},
	year = {2022},
	month = {02},
	date = {2022-02-18},
	journal = {PLOS ONE},
	pages = {e0263815},
	volume = {17},
	number = {2},
	doi = {10.1371/journal.pone.0263815},
	url = {https://journals.plos.org/plosone/article?id=10.1371/journal.pone.0263815},
	note = {Publisher: Public Library of Science
JCR分区: Q1
中科院分区升级版: 综合性期刊3区
影响因子: 2.9
5年影响因子: 3.3},
	langid = {en}
}

@article{wilmer2017,
	title = {Smartphones and Cognition: A Review of Research Exploring the Links between Mobile Technology Habits and Cognitive Functioning},
	author = {Wilmer, Henry H. and Sherman, Lauren E. and Chein, Jason M.},
	year = {2017},
	month = {04},
	date = {2017-04-25},
	journal = {Frontiers in Psychology},
	volume = {8},
	doi = {10.3389/fpsyg.2017.00605},
	url = {https://www.frontiersin.org/journals/psychology/articles/10.3389/fpsyg.2017.00605/full},
	note = {Publisher: Frontiers
中科院分区升级版: 心理学3区
影响因子: 2.6
5年影响因子: 3.3
南农高质量: B},
	langid = {English}
}

@article{upshaw2022,
	title = {The hidden cost of a smartphone: The effects of smartphone notifications on cognitive control from a behavioral and electrophysiological perspective},
	author = {Upshaw, Joshua D. and Jr, Carl E. Stevens and Ganis, Giorgio and Zabelina, Darya L.},
	year = {2022},
	month = {11},
	date = {2022-11-17},
	journal = {PLOS ONE},
	pages = {e0277220},
	volume = {17},
	number = {11},
	doi = {10.1371/journal.pone.0277220},
	url = {https://journals.plos.org/plosone/article?id=10.1371/journal.pone.0277220},
	note = {Publisher: Public Library of Science
JCR分区: Q1
中科院分区升级版: 综合性期刊3区
影响因子: 2.9
5年影响因子: 3.3},
	langid = {en}
}
