
@article{osborne,
	title = {The power of outliers (and why researchers should ALWAYS check for them)},
	author = {Osborne, Jason W. and Overbay, Amy},
	doi = {10.7275/QF69-7K43},
	url = {https://openpublishing.library.umass.edu/pare/article/id/1528/},
	note = {Publisher: University of Massachusetts Amherst}
}

@article{bakker2014,
	title = {Outlier Removal and the Relation with Reporting Errors and Quality of Psychological Research},
	author = {Bakker, Marjan and Wicherts, Jelte M.},
	editor = {Gluud, Lise Lotte},
	year = {2014},
	month = {07},
	date = {2014-07-29},
	journal = {PLoS ONE},
	pages = {e103360},
	volume = {9},
	number = {7},
	doi = {10.1371/journal.pone.0103360},
	url = {https://dx.plos.org/10.1371/journal.pone.0103360},
	langid = {en}
}
