
@article{eliason2022,
	title = {Association of Affordable Care Act Medicaid Expansions with Births Among Low-Income Women of Reproductive Age},
	author = {Eliason, Erica L. and Daw, Jamie R. and Allen, Heidi L.},
	year = {2022},
	month = {07},
	date = {2022-07},
	journal = {Journal of Women's Health},
	pages = {949--956},
	volume = {31},
	number = {7},
	doi = {10.1089/jwh.2021.0451},
	url = {https://www.liebertpub.com/doi/10.1089/jwh.2021.0451},
	note = {3 citations (Crossref/DOI) [2024-10-29]
Publisher: Mary Ann Liebert, Inc., publishers}
}
