
@article{precht2023,
	title = {Engaging in physical activity instead of (over)using the smartphone: An experimental investigation of lifestyle interventions to prevent problematic smartphone use and to promote mental health},
	author = {Precht, Lena-Marie and Mertens, Franziska and Brickau, Debora S. and Kramm, Romy J. and Margraf, {JÃ¼rgen} and Stirnberg, Jan and Brailovskaia, Julia},
	year = {2023},
	month = {02},
	date = {2023-02-09},
	journal = {Journal of Public Health},
	doi = {10.1007/s10389-023-01832-5},
	url = {https://link.springer.com/10.1007/s10389-023-01832-5},
	langid = {en}
}
