
@article{luo2020,
	title = {Social engagement pattern, health behaviors and subjective well-being of older adults: an international perspective using WHO-SAGE survey data},
	author = {Luo, Mengyun and Ding, Ding and Bauman, Adrian and Negin, Joel and Phongsavan, Philayrath},
	year = {2020},
	month = {12},
	date = {2020-12},
	journal = {BMC Public Health},
	pages = {99},
	volume = {20},
	number = {1},
	doi = {10.1186/s12889-019-7841-7},
	url = {https://bmcpublichealth.biomedcentral.com/articles/10.1186/s12889-019-7841-7},
	langid = {en}
}

@article{robb2020,
	title = {Associations of Social Isolation with Anxiety and Depression During the Early COVID-19 Pandemic: A Survey of Older Adults in London, UK},
	author = {Robb, Catherine E. and De Jager, Celeste A. and Ahmadi-Abhari, Sara and Giannakopoulou, Parthenia and Udeh-Momoh, Chinedu and McKeand, James and Price, Geraint and Car, Josip and Majeed, Azeem and Ward, Helen and Middleton, Lefkos},
	year = {2020},
	month = {09},
	date = {2020-09-17},
	journal = {Frontiers in Psychiatry},
	pages = {591120},
	volume = {11},
	doi = {10.3389/fpsyt.2020.591120},
	url = {https://www.frontiersin.org/article/10.3389/fpsyt.2020.591120/full}
}

@techreport{garnettf.2023,
	title = {Suicide Mortality in the United States, 2001{\textendash}2021},
	author = {Garnett F., Matthew and Curtin C., Sally},
	year = {2023},
	month = {04},
	date = {2023-04-13},
	url = {https://stacks.cdc.gov/view/cdc/125705},
	note = {DOI: 10.15620/cdc:125705
DOI: 10.15620/cdc:125705}
}
