
@article{mitton2022,
	title = {Methodological Variation in Empirical Corporate Finance},
	author = {Mitton, Todd},
	editor = {Goldstein, Itay},
	year = {2022},
	month = {01},
	date = {2022-01-18},
	journal = {The Review of Financial Studies},
	pages = {527--575},
	volume = {35},
	number = {2},
	doi = {10.1093/rfs/hhab030},
	url = {https://academic.oup.com/rfs/article/35/2/527/6174003},
	langid = {en}
}

@inproceedings{vinutha2018,
	title = {Detection of Outliers Using Interquartile Range Technique from Intrusion Dataset},
	author = {Vinutha, H. P. and Poornima, B. and Sagar, B. M.},
	editor = {Satapathy, Suresh Chandra and Tavares, Joao Manuel R.S. and Bhateja, Vikrant and Mohanty, J. R.},
	year = {2018},
	date = {2018},
	publisher = {Springer},
	pages = {511--518},
	doi = {10.1007/978-981-10-7563-6_53},
	address = {Singapore},
	langid = {en}
}

@article{mitton2022a,
	title = {Methodological Variation in Empirical Corporate Finance},
	author = {Mitton, Todd},
	editor = {Goldstein, Itay},
	year = {2022},
	month = {01},
	date = {2022-01-18},
	journal = {The Review of Financial Studies},
	pages = {527--575},
	volume = {35},
	number = {2},
	doi = {10.1093/rfs/hhab030},
	url = {https://academic.oup.com/rfs/article/35/2/527/6174003},
	langid = {en}
}

@article{leone2019,
	title = {Influential Observations and Inference in Accounting Research},
	author = {Leone, Andrew J. and Minutti-Meza, Miguel and Wasley, Charles E.},
	year = {2019},
	month = {11},
	date = {2019-11-01},
	journal = {The Accounting Review},
	pages = {337--364},
	volume = {94},
	number = {6},
	doi = {10.2308/accr-52396},
	url = {https://publications.aaahq.org/accounting-review/article/94/6/337/4342/Influential-Observations-and-Inference-in},
	langid = {en}
}

@article{kesavan2014,
	title = {Volume Flexibility in Services: The Costs and Benefits of Flexible Labor Resources},
	author = {Kesavan, Saravanan and Staats, Bradley R. and Gilland, Wendell},
	year = {2014},
	month = {08},
	date = {2014-08},
	journal = {Management Science},
	pages = {1884--1906},
	volume = {60},
	number = {8},
	doi = {10.1287/mnsc.2013.1844},
	url = {https://pubsonline.informs.org/doi/10.1287/mnsc.2013.1844},
	langid = {en}
}

@article{huang2023,
	title = {Do Noisy Customer Reviews Discourage Platform Sellers? Empirical Analysis of an Online Solar Marketplace},
	author = {Huang, Herbie and Sunar, Nur and Swaminathan, Jayashankar M. and Roy, Rahul},
	year = {2023},
	month = {11},
	date = {2023-11},
	journal = {Manufacturing & Service Operations Management},
	pages = {2195--2215},
	volume = {25},
	number = {6},
	doi = {10.1287/msom.2021.0104},
	url = {https://pubsonline.informs.org/doi/10.1287/msom.2021.0104},
	langid = {en}
}

@article{tan2019,
	title = {When You Work with a Superman, Will You Also Fly? An Empirical Study of the Impact of Coworkers on Performance},
	author = {Tan, Tom Fangyun and Netessine, Serguei},
	year = {2019},
	month = {08},
	date = {2019-08},
	journal = {Management Science},
	pages = {3495--3517},
	volume = {65},
	number = {8},
	doi = {10.1287/mnsc.2018.3135},
	url = {https://pubsonline.informs.org/doi/10.1287/mnsc.2018.3135},
	langid = {en}
}

@article{xu2022,
	title = {The Impact of Workload on Operational Risk: Evidence from a Commercial Bank},
	author = {Xu, Yuqian and Tan, Tom Fangyun and Netessine, Serguei},
	year = {2022},
	month = {04},
	date = {2022-04},
	journal = {Management Science},
	pages = {2668--2693},
	volume = {68},
	number = {4},
	doi = {10.1287/mnsc.2021.4019},
	url = {https://pubsonline.informs.org/doi/10.1287/mnsc.2021.4019},
	langid = {en}
}

@article{zou2023,
	title = {Product Recalls and Supply Base Innovation},
	author = {Zou, Fan and Dong, Yan and Song, Sining and Rungtusanatham, Manus},
	year = {2023},
	month = {09},
	date = {2023-09},
	journal = {Manufacturing & Service Operations Management},
	pages = {1931--1946},
	volume = {25},
	number = {5},
	doi = {10.1287/msom.2023.1213},
	url = {https://pubsonline.informs.org/doi/10.1287/msom.2023.1213},
	langid = {en}
}

@article{haans2016,
	title = {Thinking about U: Theorizing and testing U- and inverted U-shaped relationships in strategy research},
	author = {Haans, Richard F. J. and Pieters, Constant and He, Zi-Lin},
	year = {2016},
	date = {2016},
	journal = {Strategic Management Journal},
	pages = {1177--1195},
	volume = {37},
	number = {7},
	doi = {10.1002/smj.2399},
	url = {https://onlinelibrary.wiley.com/doi/abs/10.1002/smj.2399},
	note = {{\_}eprint: https://onlinelibrary.wiley.com/doi/pdf/10.1002/smj.2399},
	langid = {en}
}

@article{universityofhawaiiatmanoa2021,
	title = {Information Technology Investment and Commercialized Innovation Performance: Dynamic Adjustment Costs and Curvilinear Impacts},
	author = {{University of Hawai{\textquoteright}i at Manoa},  and Karhade, Prasanna and Qi Dong, John and University of Dublin, },
	year = {2021},
	month = {09},
	date = {2021-09-01},
	journal = {MIS Quarterly},
	pages = {1007--1024},
	volume = {45},
	number = {3},
	doi = {10.25300/MISQ/2021/14368},
	url = {https://misq.org/information-technology-investment-and-commercialized-innovation-performance-dynamic-adjustment-costs-and-curvilinear-impacts.html},
	langid = {en}
}

@article{ho2017,
	title = {Seeking Value Through Deviation? Economic Impacts of IT Overinvestment and Underinvestment},
	author = {Ho, Joanna and Tian, Feng and Wu, Anne and Xu, Sean Xin},
	year = {2017},
	month = {12},
	date = {2017-12},
	journal = {Information Systems Research},
	pages = {850--862},
	volume = {28},
	number = {4},
	doi = {10.1287/isre.2017.0710},
	url = {https://pubsonline-informs-org.ezproxy.lib.vt.edu/doi/abs/10.1287/isre.2017.0710},
	note = {Publisher: INFORMS}
}

@article{universityofhawaiiatmanoa2021a,
	title = {Information Technology Investment and Commercialized Innovation Performance: Dynamic Adjustment Costs and Curvilinear Impacts},
	author = {{University of Hawai{\textquoteright}i at Manoa},  and Karhade, Prasanna and Qi Dong, John and University of Dublin, },
	year = {2021},
	month = {09},
	date = {2021-09-01},
	journal = {MIS Quarterly},
	pages = {1007--1024},
	volume = {45},
	number = {3},
	doi = {10.25300/MISQ/2021/14368},
	url = {https://misq.org/information-technology-investment-and-commercialized-innovation-performance-dynamic-adjustment-costs-and-curvilinear-impacts.html},
	langid = {en}
}

@article{karhade2021,
	title = {Information Technology Investment and Commercialized Innovation Performance: Dynamic Adjustment Costs and Curvilinear Impacts},
	author = {Karhade, Prasanna and Qi Dong, John},
	year = {2021},
	month = {09},
	date = {2021-09-01},
	journal = {MIS Quarterly},
	pages = {1007--1024},
	volume = {45},
	number = {3},
	doi = {10.25300/MISQ/2021/14368},
	url = {https://misq.org/information-technology-investment-and-commercialized-innovation-performance-dynamic-adjustment-costs-and-curvilinear-impacts.html},
	langid = {en}
}

@article{karhade2021a,
	title = {Information Technology Investment and Commercialized Innovation Performance: Dynamic Adjustment Costs and Curvilinear Impacts},
	author = {Karhade, Prasanna and Qi Dong, John},
	year = {2021},
	month = {09},
	date = {2021-09-01},
	journal = {MIS Quarterly},
	pages = {1007--1024},
	volume = {45},
	number = {3},
	doi = {10.25300/MISQ/2021/14368},
	url = {https://misq.org/information-technology-investment-and-commercialized-innovation-performance-dynamic-adjustment-costs-and-curvilinear-impacts.html},
	langid = {en}
}

@article{hill2021,
	title = {Endogeneity: A Review and Agenda for the Methodology-Practice Divide Affecting Micro and Macro Research},
	author = {Hill, Aaron D. and Johnson, Scott G. and Greco, Lindsey M. and {O{\textquoteright}Boyle}, Ernest H. and Walter, Sheryl L.},
	year = {2021},
	month = {01},
	date = {2021-01-01},
	journal = {Journal of Management},
	pages = {105--143},
	volume = {47},
	number = {1},
	doi = {10.1177/0149206320960533},
	url = {https://doi.org/10.1177/0149206320960533},
	note = {Publisher: SAGE Publications Inc},
	langid = {en}
}

@article{nickell1981,
	title = {Biases in Dynamic Models with Fixed Effects},
	author = {Nickell, Stephen},
	year = {1981},
	date = {1981},
	journal = {Econometrica},
	pages = {1417--1426},
	volume = {49},
	number = {6},
	doi = {10.2307/1911408},
	url = {https://www.jstor.org.ezproxy.lib.vt.edu/stable/1911408},
	note = {Publisher: [Wiley, Econometric Society]}
}

@article{roodman2009,
	title = {How to do Xtabond2: An Introduction to Difference and System GMM in Stata},
	author = {Roodman, David},
	year = {2009},
	month = {03},
	date = {2009-03-01},
	journal = {The Stata Journal},
	pages = {86--136},
	volume = {9},
	number = {1},
	doi = {10.1177/1536867X0900900106},
	url = {https://doi.org/10.1177/1536867X0900900106},
	note = {Publisher: SAGE Publications},
	langid = {en}
}

@article{ullah2018,
	title = {Dealing with endogeneity bias: The generalized method of moments (GMM) for panel data},
	author = {Ullah, Subhan and Akhtar, Pervaiz and Zaefarian, Ghasem},
	year = {2018},
	month = {05},
	date = {2018-05-01},
	journal = {Industrial Marketing Management},
	pages = {69--78},
	volume = {71},
	doi = {10.1016/j.indmarman.2017.11.010},
	url = {https://www.sciencedirect.com/science/article/pii/S0019850117308532},
	langid = {canadian}
}

@article{ullah2018a,
	title = {Dealing with endogeneity bias: The generalized method of moments (GMM) for panel data},
	author = {Ullah, Subhan and Akhtar, Pervaiz and Zaefarian, Ghasem},
	year = {2018},
	month = {05},
	date = {2018-05-01},
	journal = {Industrial Marketing Management},
	pages = {69--78},
	volume = {71},
	doi = {10.1016/j.indmarman.2017.11.010},
	url = {https://www.sciencedirect.com/science/article/pii/S0019850117308532},
	langid = {canadian}
}
